<?xml version="1.0" encoding="UTF-8"?><record xmlns="http://www.loc.gov/MARC21/slim" xmlns:cinclude="http://apache.org/cocoon/include/1.0" xmlns:zs="http://www.loc.gov/zing/srw/">
  <leader>00691nz  a2200169n  4500</leader>
  <controlfield tag="001">n  97051399 </controlfield>
  <controlfield tag="003">DLC</controlfield>
  <controlfield tag="005">19970515131423.1</controlfield>
  <controlfield tag="008">970515n| acannaab|          |a ana |||  </controlfield>
  <datafield tag="010" ind1=" " ind2=" ">
    <subfield code="a">n  97051399 </subfield>
  </datafield>
  <datafield tag="040" ind1=" " ind2=" ">
    <subfield code="a">DLC</subfield>
    <subfield code="c">DLC</subfield>
  </datafield>
  <datafield tag="110" ind1="2" ind2="0">
    <subfield code="a">ARTD</subfield>
  </datafield>
  <datafield tag="410" ind1="2" ind2="0">
    <subfield code="a">Technische Universiteit Delft.</subfield>
    <subfield code="b">Adviesraad voor het Technologiebeleid</subfield>
  </datafield>
  <datafield tag="410" ind1="2" ind2="0">
    <subfield code="a">Technische Universiteit Delft.</subfield>
    <subfield code="b">Adviesraad Technologiebeleid</subfield>
  </datafield>
  <datafield tag="410" ind1="2" ind2="0">
    <subfield code="a">Adviesraad Technologiebeleid TU Delft</subfield>
  </datafield>
  <datafield tag="410" ind1="2" ind2="0">
    <subfield code="a">Adviesraad voor het Technologiebeleid van de TU Delft</subfield>
  </datafield>
  <datafield tag="670" ind1=" " ind2=" ">
    <subfield code="a">Op weg naar de 21e eeuw, [1995]</subfield>
    <subfield code="b">t.p., etc. (ARTD) cover (Adviesraad Technologiebeleid TU Delft) t.p. verso (Adviesraad voor het Technologiebeleid van de TU Delft)</subfield>
  </datafield>
</record>